<record><leader>00000cas a22000007a 4500</leader><controlfield tag="001">11383834</controlfield><controlfield tag="008">841114d18791906ncuwr ne      0    0eng  </controlfield><datafield ind1=" " ind2=" " tag="010"><subfield code="a">sn 84020680 </subfield></datafield><datafield ind1=" " ind2=" " tag="040"><subfield code="a">DLC</subfield><subfield code="b">eng</subfield><subfield code="c">DLC</subfield><subfield code="d">NVJ</subfield><subfield code="d">DLC</subfield><subfield code="d">OCLCQ</subfield></datafield><datafield ind1=" " ind2=" " tag="042"><subfield code="a">msc</subfield></datafield><datafield ind1="0" ind2="0" tag="050"><subfield code="a">Newspaper</subfield></datafield><datafield ind1="0" ind2="0" tag="245"><subfield code="a">Asheboro courier.</subfield></datafield><datafield ind1=" " ind2=" " tag="260"><subfield code="a">Asheboro, N.C. :</subfield><subfield code="b">G.S. Bradshaw, E.C. Hackney</subfield></datafield><datafield ind1=" " ind2=" " tag="300"><subfield code="a">v. ;</subfield><subfield code="c">56 cm.</subfield></datafield><datafield ind1=" " ind2=" " tag="310"><subfield code="a">Weekly</subfield></datafield><datafield ind1="1" ind2=" " tag="362"><subfield code="a">Began in 1879.</subfield></datafield><datafield ind1="0" ind2=" " tag="362"><subfield code="a">-v. 31, no. 1 (Jan. 6, 1906).</subfield></datafield><datafield ind1=" " ind2=" " tag="500"><subfield code="a">Independent.</subfield></datafield><datafield ind1=" " ind2=" " tag="588"><subfield code="a">Description based on: Vol. 4, no. 33 (Oct. 7, 1879).</subfield></datafield><datafield ind1=" " ind2=" " tag="752"><subfield code="a">United States</subfield><subfield code="b">North Carolina</subfield><subfield code="c">Randolph</subfield><subfield code="d">Asheboro.</subfield></datafield><datafield ind1="0" ind2="0" tag="780"><subfield code="t">Randolph regulator</subfield><subfield code="w">(DLC)sn 85026786</subfield></datafield><datafield ind1="0" ind2="0" tag="785"><subfield code="t">Courier (Asheboro, N.C. : 1906)</subfield><subfield code="w">(DLC)sn 91068009</subfield></datafield><datafield ind1="1" ind2=" " tag="029"><subfield code="a">AU@</subfield><subfield code="b">000026222431</subfield></datafield></record>